@inproceedings{DStar:1994,
   author = "Anthony (Tony) Stentz",
   title = "Optimal and Efficient Path Planning for Partially-Known Environments",
   booktitle = "Proceedings of the IEEE International Conference on Robotics and Automation (ICRA '94)",
   pages = "3310 - 3317",
   month = "May",
   year = "1994",
   volume = "4",
}

@inproceedings{Koenig:2002,
 author = {Koenig, Sven and Likhachev, Maxim},
 title = {D*lite},
 booktitle = {Eighteenth national conference on Artificial intelligence},
 year = {2002},
 isbn = {0-262-51129-0},
 location = {Edmonton, Alberta, Canada},
 pages = {476--483},
 numpages = {8},
 url = {http://dl.acm.org/citation.cfm?id=777092.777167},
 acmid = {777167},
 publisher = {American Association for Artificial Intelligence},
 address = {Menlo Park, CA, USA}
}

@inproceedings{FocussedDStarStentz:1995,
 author = {Stentz, Anthony},
 title = {The focussed D* algorithm for real-time replanning},
 booktitle = {Proceedings of the 14th international joint conference on Artificial intelligence - Volume 2},
 series = {IJCAI'95},
 year = {1995},
 isbn = {1-55860-363-8},
 location = {Montreal, Quebec, Canada},
 pages = {1652--1659},
 numpages = {8},
 url = {http://dl.acm.org/citation.cfm?id=1643031.1643113},
 acmid = {1643113},
 publisher = {Morgan Kaufmann Publishers Inc.},
 address = {San Francisco, CA, USA},
} 


@article{MOAStewart:1991,
 author = {Stewart, Bradley S. and White,III, Chelsea C.},
 title = {Multiobjective A*},
 journal = {J. ACM},
 issue_date = {Oct. 1991},
 volume = {38},
 number = {4},
 month = oct,
 year = {1991},
 issn = {0004-5411},
 pages = {775--814},
 numpages = {40},
 url = {http://doi.acm.org/10.1145/115234.115368},
 doi = {10.1145/115234.115368},
 acmid = {115368},
 publisher = {ACM},
 address = {New York, NY, USA},
 keywords = {A* multiobjective decision making}
}

@article{AStarHart:1968, 
author={Hart, P.E. and Nilsson, N.J. and Raphael, B.}, 
journal={Systems Science and Cybernetics, IEEE Transactions on}, title={A Formal Basis for the Heuristic Determination of Minimum Cost Paths}, 
year={1968}, 
month={july }, 
volume={4}, 
number={2}, 
pages={100 -107}, 
keywords={}, 
doi={10.1109/TSSC.1968.300136}, 
ISSN={0536-1567},}

@article{RTAStarKorf:1990,
 author = {Korf, Richard E.},
 title = {Real-time heuristic search},
 journal = {Artificial Intelligence},
 issue_date = {March 1990},
 volume = {42},
 number = {2-3},
 month = mar,
 year = {1990},
 issn = {0004-3702},
 pages = {189--211},
 numpages = {23},
 url = {http://dx.doi.org/10.1016/0004-3702(90)90054-4},
 doi = {10.1016/0004-3702(90)90054-4},
 acmid = {77756},
 publisher = {Elsevier Science Publishers Ltd.},
 address = {Essex, UK},
} 

@article{LDAStarBayili:2008,
title = "Limited-Damage A*: A path search algorithm that considers damage as a feasibility criterion",
journal = "Knowledge-Based Systems",
volume = "24",
number = "4",
pages = "501 - 512",
year = "2011",
note = "",
issn = "0950-7051",
doi = "10.1016/j.knosys.2010.12.009",
url = "http://www.sciencedirect.com/science/article/pii/S0950705110001905",
author = "Serhat Bayili and Faruk Polat",
keywords = "Agent search",
keywords = "Path search in virtual environments",
keywords = "Offline path planning",
keywords = "Heuristic search",
keywords = "Multiobjective search"
}

@article{Tarapata:2007,
 author = {Tarapata, Zbigniew},
 title = {Selected Multicriteria Shortest Path Problems: An Analysis of Complexity, Models and Adaptation of Standard Algorithms},
 journal = {Int. J. Appl. Math. Comput. Sci.},
 volume = {17},
 issue = {2},
 month = {June},
 year = {2007},
 issn = {1641-876X},
 pages = {269--287},
 numpages = {19},
 url = {http://dx.doi.org/10.2478/v10006-007-0023-2},
 doi = {http://dx.doi.org/10.2478/v10006-007-0023-2},
 acmid = {1722003},
 publisher = {Versita},
 address = {Warsaw, Poland, Poland},
 keywords = {Algorithm Complexity, Approximation Algorithm, Multiobjective Shortest Path, Routing Problem, Stochastic Shortest Path, Terrain-Based Modeling},
}

@article{Dijkstra:1959,
   author = "Edsger. W. Dijkstra",
   title = "A note on two problems in connexion with graphs.",
   year = "1959",
   journal = "Numerische Mathematik",
   volume = 1,
   pages = {269--271},
   url = "http://gdzdoc.sub.uni-goettingen.de/sub/digbib/loader?did=D196313",
   }
   
@inproceedings{Guo:2009, 
author={Feng Guo and Hongrui Wang and Yantao Tian}, 
booktitle={Automation and Logistics, 2009. ICAL '09. IEEE International Conference on}, title={Multi-objective path planning for unrestricted mobile}, 
year={2009}, 
month=aug., 
volume={}, 
number={}, 
pages={1046 -1051}, 
keywords={Dijkstra algorithm;ball system;distance map;entropy method;grid node;hazard map;multi-objective path planning;plate system;unrestricted mobile;path planning;}, 
doi={10.1109/ICAL.2009.5262574}, 
ISSN={},
}

@INPROCEEDINGS{Pangilinan,
    author = {Jos√© Maria and A. Pangilinan and Gerrit K. Janssens},
    title = {Evolutionary algorithms for the multiobjective shortest path planning problem},
    booktitle = {International journal of computer and information science and engineering},
    year = {2007},
    pages = {54--59}
}

@article{Castillo:2007,
    author = {Castillo, Oscar and Trujillo, Leonardo and Melin, Patricia},
    citeulike-article-id = {1019328},
    citeulike-linkout-0 = {http://dx.doi.org/10.1007/s00500-006-0068-4},
    citeulike-linkout-1 = {http://www.ingentaconnect.com/content/klu/500/2007/00000011/00000003/00000068},
    citeulike-linkout-2 = {http://www.springerlink.com/content/90083261utt27kp2},
    day = {1},
    doi = {10.1007/s00500-006-0068-4},
    issn = {1432-7643},
    journal = {Soft Computing - A Fusion of Foundations, Methodologies and Applications},
    month = feb,
    number = {3},
    pages = {269-279--279},
    posted-at = {2010-09-02 13:48:31},
    priority = {2},
    publisher = {Springer Berlin / Heidelberg},
    title = {{Multiple Objective Genetic Algorithms for Path-planning Optimization in Autonomous Mobile Robots}},
    url = {http://dx.doi.org/10.1007/s00500-006-0068-4},
    volume = {11},
    year = {2007}
}

@article{Bukhari:2010,
	author = {Nabeel Bukhari and Ayesha Khan and Abdul Rauf Baig and Kashif Zafar},
	title = {Optimization of Route Planning using Simulated Ant Agent System},
	journal = {International Journal of Computer Applications},
	year = {2010},
	volume = {4},
	number = {8},
	pages = {1--4},
	month = {August},
	note = {Published By Foundation of Computer Science}
}

@book{MOOUEA,
    author = {Deb, Kalyanmoy and Kalyanmoy, Deb},
    edition = {1},
    howpublished = {Hardcover},
    isbn = {047187339X},
    keywords = {evolutionary, multiobjective, optimisation},
    month = {June},
    posted-at = {2008-02-10 05:46:08},
    priority = {2},
    publisher = {J.Wiley \& Sons},
    title = {{Multi-Objective Optimization Using Evolutionary Algorithms}},
    year = {2001},
}

@article{LPAStarKoenig:2004,
 author = {Koenig, Sven and Likhachev, Maxim and Furcy, David},
 title = {Lifelong planning A*},
 journal = {Artificial Intelligence},
 issue_date = {May 2004},
 volume = {155},
 number = {1-2},
 month = may,
 year = {2004},
 issn = {0004-3702},
 pages = {93--146},
 numpages = {54},
 url = {http://dx.doi.org/10.1016/j.artint.2003.12.001},
 doi = {10.1016/j.artint.2003.12.001},
 acmid = {992865},
 publisher = {Elsevier Science Publishers Ltd.},
 address = {Essex, UK},
 keywords = {A*, continual planning, heuristic search, heuristic search-based planning, incremental search, lifelong planning, plan reuse, replanning, symbolic STRIPS-style planning}
}

@INPROCEEDINGS{Peng_Xu_Zhang:2011, 
author={Peng Xingguang and Xu Demin and Zhang Fubin}, 
booktitle={Control Conference (CCC), 2011 30th Chinese}, title={UAV online path planning based on dynamic multiobjective evolutionary algorithm}, 
year={2011}, 
month={july}, 
volume={}, 
number={}, 
pages={5424 -5429}, 
keywords={DMOP;MPC;UAV;complex mission;dynamic Pareto set;dynamic multiobjective evolutionary algorithm;dynamic multiobjective optimization problem;environmental information;model predictive control;online path planning;unmanned aerial vehicles;Pareto optimisation;aircraft control;evolutionary computation;path planning;predictive control;remotely operated vehicles;}, 
doi={}, 
ISSN={1934-1768},}

@article{Foo_Knutzon:2009, 
	title={Three-Dimensional Path Planning of Unmanned Aerial Vehicle in a Virtual Battlespace using B-Splines and Particle Swarm Optimization},
	volume={6},
	url={http://doi.aiaa.org/10.2514/1.36917},
	number={April},
	journal={Journal of Aerospace Computing Information and Communication},
	author={Foo, Jung Leng and Knutzon, Jared and Kalivarapu, Vijay and Oliver, James and Winer, Eliot},
	year={2009},
	pages={271--290}
}