@article{Castillo:2006:MOG:1178398.1178406,
 author = {Castillo, Oscar and Trujillo, Leonardo and Melin, Patricia},
 title = {Multiple Objective Genetic Algorithms for Path-planning Optimization in Autonomous Mobile Robots},
 journal = {Soft Comput.},
 volume = {11},
 issue = {3},
 month = {October},
 year = {2006},
 issn = {1432-7643},
 pages = {269--279},
 numpages = {11},
 url = {http://portal.acm.org/citation.cfm?id=1178398.1178406},
 doi = {10.1007/s00500-006-0068-4},
 acmid = {1178406},
 publisher = {Springer-Verlag},
 address = {Berlin, Heidelberg},
 keywords = {Autonomous robots, Genetic algorithms, Multiple objective optimization, Path planning},
}
@inproceedings{Pangilinan:EAforMSPP,
 author = {Pangilinan, J.M.A. and Janssens, G.K.},
 title = {Evolutionary algorithms for the multiobjective shortest path problem},
 journal = {World Academy of Science, Engineering and Technology}
 volume = {21 (PWASET)}
 pages = {205--210}
 numpages = {6}
}
@article{10.1109/EMS.2009.67,
 author = {Amin Zargar Nasrollahy and Hamid Haj Seyyed Javadi},
 title = {Using Particle Swarm Optimization for Robot Path Planning in Dynamic Environments with Moving Obstacles and Target},
 journal ={Computer Modeling and Simulation, UKSIM European Symposium on},
 volume = {0},
 isbn = {978-0-7695-3886-0},
 year = {2009},
 pages = {60-65},
 doi = {http://doi.ieeecomputersociety.org/10.1109/EMS.2009.67},
 publisher = {IEEE Computer Society},
 address = {Los Alamitos, CA, USA},
}
@book{Canny:1988:CRM:49142,
 author = {Canny, John F.},
 title = {The complexity of robot motion planning},
 year = {1988},
 isbn = {0-262-03136-1},
 publisher = {MIT Press},
 address = {Cambridge, MA, USA},
}
@inproceedings{Sun:2010:MTD:1838206.1838216,
 author = {Sun, Xiaoxun and Yeoh, William and Koenig, Sven},
 title = {Moving target D* Lite},
 booktitle = {Proceedings of the 9th International Conference on Autonomous Agents and Multiagent Systems: volume 1 - Volume 1},
 series = {AAMAS '10},
 year = {2010},
 isbn = {978-0-9826571-1-9},
 location = {Toronto, Canada},
 pages = {67--74},
 numpages = {8},
 url = {http://portal.acm.org/citation.cfm?id=1838206.1838216},
 acmid = {1838216},
 publisher = {International Foundation for Autonomous Agents and Multiagent Systems},
 address = {Richland, SC},
 keywords = {D* Lite, dynamic environment, generalized fringe-retrieving A*, hunter, incremental search, moving target search, path planning, video games},
}
@INPROCEEDINGS{700122,
author={Dozier, G. and McCullough, S. and Homaifar, A. and Tunstel, E. and Moore, L.},
booktitle={Evolutionary Computation Proceedings, 1998. IEEE World Congress on Computational Intelligence., The 1998 IEEE International Conference on}, title={Multiobjective evolutionary path planning via fuzzy tournament selection},
year={1998},
month=may,
volume={},
number={},
pages={684 -689},
keywords={Euclidean distance;candidate path selection;explicit multiobjective evaluation function;fuzzy inference;fuzzy tournament selection;multiobjective evolutionary path planning;path ranking;path slope;selection algorithm;fuzzy systems;inference mechanisms;optimisation;path planning;},
doi={10.1109/ICEC.1998.700122},
ISSN={},
}
@inproceedings{Koenig:2002:D*L:777092.777167,
 author = {Koenig, Sven and Likhachev, Maxim},
 title = {D* lite},
 booktitle = {Eighteenth national conference on Artificial intelligence},
 year = {2002},
 isbn = {0-262-51129-0},
 location = {Edmonton, Alberta, Canada},
 pages = {476--483},
 numpages = {8},
 url = {http://portal.acm.org/citation.cfm?id=777092.777167},
 acmid = {777167},
 publisher = {American Association for Artificial Intelligence},
 address = {Menlo Park, CA, USA},
} 
@article{key:article,
	author = {Nabeel Bukhari and Ayesha Khan and Abdul Rauf Baig and Kashif Zafar},
	title = {Optimization of Route Planning using Simulated Ant Agent System},
	journal = {International Journal of Computer Applications},
	year = {2010},
	volume = {4},
	number = {8},
	pages = {1--4},
	month = {August},
	note = {Published By Foundation of Computer Science}
}
@book{MOOUEA,
    author = {Deb, Kalyanmoy and Kalyanmoy, Deb},
    edition = {1},
    howpublished = {Hardcover},
    isbn = {047187339X},
    keywords = {evolutionary, multiobjective, optimisation},
    month = {June},
    posted-at = {2008-02-10 05:46:08},
    priority = {2},
    publisher = {J.Wiley \& Sons},
    title = {{Multi-Objective Optimization Using Evolutionary Algorithms}},
    year = {2001},
}
@article{Coello:2000:USG:358923.358929,
 author = {Coello, Carlos A.},
 title = {An updated survey of GA-based multiobjective optimization techniques},
 journal = {ACM Comput. Surv.},
 issue_date = {June 2000},
 volume = {32},
 issue = {2},
 month = {June},
 year = {2000},
 issn = {0360-0300},
 pages = {109--143},
 numpages = {35},
 url = {http://doi.acm.org/10.1145/358923.358929},
 doi = {http://doi.acm.org/10.1145/358923.358929},
 acmid = {358929},
 publisher = {ACM},
 address = {New York, NY, USA},
 keywords = {artificial intelligence, genetic algorithms, multicriteria optimization, multiobjective optimization, vector optimization},
} 

